\begin{lstlisting}
@ARTICLE{ARTICLE:1, 
    AUTHOR="Sankeerthana Neelam",
    TITLE="Internet of Things in Healthcare",
	PUBLISHER="Blekinge Institute of Technology",
    YEAR="2017",
}
\end{lstlisting}
\begin{lstlisting}
@ARTICLE{ARTICLE:2, 
    AUTHOR="Vasil Sarafov",
    TITLE="Comparison of IoT Data Protocol Overhead",
	PUBLISHER="Departments of Informatics, Technical University of Munich",
    YEAR="2018",
}
\end{lstlisting}
\begin{lstlisting}
@ARTICLE{ARTICLE:3, 
    AUTHOR="Karen Rose, Scott Eldridge, Lyman Chapin",
    TITLE="The Internet of Things: an Overview",
	PUBLISHER="INTERNET SOCIETY",
    YEAR="2015",
}
\end{lstlisting}
\begin{lstlisting}
@ARTICLE{ARTICLE:4, 
    AUTHOR="Carlos Ruben Domenje",
    TITLE="Sistema de gestión remota de dispositivo conversor Modbus a MQTT",
	PUBLISHER="Facultad Ingenieria UBA",
    YEAR="2021",
}
\end{lstlisting}

\begin{lstlisting}
@ARTICLE{ARTICLE:5, 
    AUTHOR="Gonzalo Nahuel Vaca",
    TITLE="Monitoreo ambiental integrado a Enterprise Buildings Integrator de Honeywell",
	PUBLISHER="Facultad Ingenieria UBA",
    YEAR="2021",
}
\end{lstlisting}

\begin{lstlisting}
@BOOK{BOOK:1,
    AUTHOR="Sankeerthana Neelam",
    TITLE="Internet of Things in Healthcare",
	PUBLISHER="Blekinge Institute of Technology",
    YEAR="2017",
}
\end{lstlisting}
\begin{lstlisting}
@BOOK{BOOK:2,
    AUTHOR="Robin Nixon",
    TITLE="Aprender PHP, MySQL y JavaScript, 5ta edición",
	PUBLISHER="Marcombo",
    YEAR="2019",
}
\end{lstlisting}

\begin{lstlisting}
@INBOOK{BOOK:3,
    AUTHOR="John Doe",
    TITLE="The Book without Title",
    PUBLISHER="Dummy Publisher",
    YEAR="2100",
    PAGES="100-200",
}
\end{lstlisting}
\begin{lstlisting}
@MISC{WEBSITE:1,
	HOWPUBLISHED = "\url{https://www.securitymetrics.com/blog/what-hitrust-compliance}",
	AUTHOR = "MATT HALBLEIB",
	TITLE = "What is HITRUST Compliance?",
	MONTH = "12",
	YEAR = "2021",
	URLDATE = {2022-10-25}
}
\end{lstlisting}
\begin{lstlisting}
@MISC{WEBSITE:2,
	HOWPUBLISHED = "\url{https://tigerconnect.com/products/clinical-collaboration/}",
	AUTHOR = "TigerConnect",
	TITLE = "Secure Healthcare Communication and Collaboration",
	MONTH = "12",
	YEAR = "2021",
	URLDATE = {2022-10-25}
}
\end{lstlisting}
\begin{lstlisting}
@MISC{WEBSITE:3,
	HOWPUBLISHED = "\url{https://digitalguardian.com/blog/what-hipaa-compliance}",
	AUTHOR = "Juliana De Groot",
	TITLE = "What is HIPAA Compliance?",
	MONTH = "4",
	YEAR = "2022",
	URLDATE = {2022-10-25}
}
\end{lstlisting}
\begin{lstlisting}
@MISC{WEBSITE:4,
	HOWPUBLISHED = "\url{https://rocketreach.co/tigerconnect-profile_b4548a1cfc9d885d}",
	AUTHOR = "Rocket Reach",
	TITLE = "Tigerconnect Information",
	MONTH = "4",
	YEAR = "2022",
	URLDATE = {2022-10-25}
}
\end{lstlisting}
\begin{lstlisting}
@MISC{WEBSITE:5,
	HOWPUBLISHED = "\url{https://docs.oasis-open.org/mqtt/mqtt/v5.0/mqtt-v5.0.html}",
	AUTHOR = "OASIS",
	TITLE = "MQTT Version 5.0. Edited by Andrew Banks, Ed Briggs, Ken Borgendale, and Rahul Gupta. 07
March 2019. OASIS Standard. https://docs.oasis-open.org/mqtt/mqtt/v5.0/os/mqtt-v5.0-os.html",
	MONTH = "3",
	YEAR = "2019",
	URLDATE = {2022-7-2}
}
\end{lstlisting}
\begin{lstlisting}
@MISC{WEBSITE:6,
	HOWPUBLISHED = "\url{https://www.hivemq.com/blog/mqtt-essentials-special-mqtt-over-websockets/}",
	AUTHOR = "HiveMQ",
	TITLE = "MQTT over WebSockets - MQTT Essentials Special
",
	MONTH = "4",
	YEAR = "2015",
	URLDATE = {2022-4-2}
}
\end{lstlisting}

\begin{lstlisting}
@MISC{WEBSITE:7,
	HOWPUBLISHED = "\url{https://mosquitto.org/}",
	AUTHOR = "Eclipse Foundation",
	TITLE = "Eclipse Mosquitto An open source MQTT broker",
	MONTH = "1",
	YEAR = "2022",
	URLDATE = {2022-3-15}
}
\end{lstlisting}

\begin{lstlisting}
@MISC{WEBSITE:8,
	HOWPUBLISHED = "\url{https://www.gotoiot.com/pages/articles/docker_intro/index.html}",
	AUTHOR = "Agustin Bassi",
	TITLE = "Introducción al ecosistema Docker",
	MONTH = "2",
	YEAR = "2021",
	URLDATE = {2022-1-15}
}
\end{lstlisting}

\begin{lstlisting}
@MISC{WEBSITE:9,
	HOWPUBLISHED = "\url{https://medium.com/ingeniería-en-tranqui-finanzas/una-guía-no-tan-rápida-de-docker-y-kubernetes-933f5b6709df}",
	AUTHOR = "Mauricio Collazos",
	TITLE = "Una guía no tan rápida de Docker y Kubernetes",
	MONTH = "6",
	YEAR = "2018",
	URLDATE = {2022-2-15}
}
\end{lstlisting}

\begin{lstlisting}
@MISC{WEBSITE:10,
	HOWPUBLISHED = "\url{https://www.gotoiot.com/pages/articles/docker_compose_intro/index.html}",
	AUTHOR = "Agustin Bassi",
	TITLE = "Introducción a Docker Compose",
	MONTH = "9",
	YEAR = "2021",
	URLDATE = {2022-1-15}
}
\end{lstlisting}


\begin{lstlisting}
@MISC{WEBSITE:11,
	HOWPUBLISHED = "\url{https://www.oracle.com/database/what-is-database/}",
	AUTHOR = "Oracle",
	TITLE = "What is a Database",
	MONTH = "1",
	YEAR = "2022",
	URLDATE = {2022-10-15}
}
\end{lstlisting}

\begin{lstlisting}
@MISC{WEBSITE:12,
	HOWPUBLISHED = "\url{https://en.atlantictech.io/blog/base-de-datos-como-se-dividen}",
	AUTHOR = "Atlantic Technologies",
	TITLE = "¿Como se dividen las bases de datos y qué función tiene cada una?",
	MONTH = "1",
	YEAR = "2021",
	URLDATE = {2022-10-20}
}
\end{lstlisting}


\begin{lstlisting}
@MISC{WEBSITE:13,
	HOWPUBLISHED = "\url{https://www.w3schools.com/mysql/default.asp/}",
	AUTHOR = "W3schools",
	TITLE = "MySQL Tutorial",
	MONTH = "1",
	YEAR = "2021",
	URLDATE = {2022-1-20}
}
\end{lstlisting}
@MANUAL{dallas:ds18b20,
    organization  = "Dallas Semiconductor",
    title         = "DS18B20 Programmable Resolution 1-Wire Digital Thermometer",
    number        = "050400",
    year          =  2015,
    note          = "Rev. 3"
}

@book{teton2003,
	title={Gu{\'\i}a t{\'e}cnica de la acuariofilia},
	author={Teton, J.},
	isbn={9788489840249},
	series={Gu{\'\i}as t{\'e}cnicas},
	url={https://books.google.com.ar/books?id=6vrjovWkQicC},
	year={2003},
	publisher={Tursen S.A. - H. Blume}
}

@book{IEEE:citation,
	author={IEEE},
	title={IEEE Citation Reference},
	edition={1},
	url={http://www.ieee.org/documents/ieeecitationref.pdf},
	urldate={2016-9-26},
	publisher={IEEE Publications},
	year={2016}
}

@misc{CIAA,
	author = {{Proyecto CIAA}},
	title = {Computadora Industrial Abierta Argentina},
	url = {http://proyecto-ciaa.com.ar/devwiki/doku.php?id=start},
	note = {Visitado el 2016-06-25},
	year = {2014}
}

@MISC{lpcopen,
   author =	{{NXP Semiconductors}},
   title =	{LPCOPEN v2.16 Drivers, Middleware and Examples},
   url =	{http://www.nxp.com/products/microcontrollers-and-processors/arm-processors/lpc-cortex-m-mcus/software-tools/lpcopen-libraries-and-examples:LPC-OPEN-LIBRARIES},
   note =	{Disponible: 2016-06-25},
 }
 
@MISC{contrib,
	author =	{{Savannah}},
	title =	{lwIP - A Lightweight TCP/IP stack},
	url =	{http://git.savannah.gnu.org/cgit/lwip/lwip-contrib.git},
	note =	{Disponible: 2016-06-25},
 }

@MISC{webserver,
	author =	{{Savannah}},
	title =	{lwIP - Wiki - Sample Web Server},
	url =	{ http://lwip.wikia.com/wiki/Sample_Web_Server},
	note =	{Disponible: 2016-06-25}
 } 
 


@MISC{sensor_pH,
   author =	{dfRobot},
   title =	{PH meter(SKU: SEN0161)},
   url =	{http://www.dfrobot.com/wiki/index.php?title=PH_meter(SKU:_SEN0161)},
   note =	{Disponible: 2016-06-25},
}

@misc{rfc2616,
	series =	{Request for Comments},
	number=		2616,
	howpublished=	{RFC 2616},
	publisher =	{RFC Editor},
	doi =		{10.17487/rfc2616},
	url =		{https://rfc-editor.org/rfc/rfc2616.txt},
	author=		{Jeffrey Mogul and Larry M Masinter and Roy T. Fielding and Jim Gettys and Paul J. Leach and Tim Berners-Lee},
	title=		{{Hypertext Transfer Protocol -- HTTP/1.1}},
	pagetotal =	176,
	year =		2013,
	month =		3,
	day =		2,
	abstract =	{HTTP has been in use by the World-Wide Web global information initiative since 1990. This specification defines the protocol referred to as &quot;HTTP/1.1&quot;, and is an update to RFC 2068. [STANDARDS-TRACK]},
}

@misc{rfc3875,
	series =	{Request for Comments},
	number=		3875,
	howpublished=	{RFC 3875},
	publisher =	{RFC Editor},
	doi =		{10.17487/rfc3875},
	url =		{https://rfc-editor.org/rfc/rfc3875.txt},
	author=		{David Robinson},
	title=		{{The Common Gateway Interface (CGI) Version 1.1}},
	pagetotal =	36,
	year =		2013,
	month =		mar,
	day =		20,
	abstract =	{The Common Gateway Interface (CGI) is a simple interface for running external programs, software or gateways under an information server in a platform-independent manner. Currently, the supported information servers are HTTP servers.},
}

@misc{rfc7540,
	series =	{Request for Comments},
	number=		7540,
	howpublished=	{RFC 7540},
	publisher =	{RFC Editor},
	doi =		{10.17487/rfc7540},
	url =		{https://rfc-editor.org/rfc/rfc7540.txt},
	author=		{Mike Belshe and Roberto Peon and Martin Thomson},
	title=		{{Hypertext Transfer Protocol Version 2 (HTTP/2)}},
	pagetotal =	96,
	year =		2015,
	month =		nov,
	day =		18,
	abstract =	{This specification describes an optimized expression of the semantics of the Hypertext Transfer Protocol (HTTP), referred to as HTTP version 2 (HTTP/2). HTTP/2 enables a more efficient use of network resources and a reduced perception of latency by introducing header field compression and allowing multiple concurrent exchanges on the same connection. It also introduces unsolicited push of representations from servers to clients.},
}

